<record><leader>00000cas a22000007a 4500</leader><controlfield tag="001">1967206</controlfield><controlfield tag="007">cr un|||||||||</controlfield><controlfield tag="008">760204c19649999ohuwr ne      0   a0eng d</controlfield><datafield ind1=" " ind2=" " tag="010"><subfield code="a">sn 78004863 </subfield></datafield><datafield ind1=" " ind2=" " tag="040"><subfield code="a">CWR</subfield><subfield code="b">eng</subfield><subfield code="c">CWR</subfield><subfield code="d">MUL</subfield><subfield code="d">NSD</subfield><subfield code="d">NPY</subfield><subfield code="d">DLC</subfield><subfield code="d">NSD</subfield><subfield code="d">NST</subfield><subfield code="d">DLC</subfield><subfield code="d">ONP</subfield><subfield code="d">YOX</subfield><subfield code="d">ONP</subfield><subfield code="d">YOX</subfield><subfield code="d">NSD</subfield><subfield code="d">CNK</subfield><subfield code="d">DLC</subfield><subfield code="d">CUS</subfield><subfield code="d">J9U</subfield><subfield code="d">OCLCQ</subfield><subfield code="d">OCLCF</subfield><subfield code="d">OCLCO</subfield></datafield><datafield ind1=" " ind2=" " tag="012"><subfield code="i">8708</subfield><subfield code="j">0</subfield><subfield code="k">1</subfield><subfield code="l">1</subfield><subfield code="m">1</subfield></datafield><datafield ind1="7" ind2=" " tag="016"><subfield code="a">001960118</subfield><subfield code="2">IsJJNL</subfield></datafield><datafield ind1=" " ind2=" " tag="019"><subfield code="a">36282181</subfield><subfield code="a">234071124</subfield></datafield><datafield ind1="1" ind2=" " tag="022"><subfield code="a">0009-8825</subfield><subfield code="l">0009-8825</subfield><subfield code="2">1</subfield></datafield><datafield ind1="1" ind2=" " tag="029"><subfield code="a">AU@</subfield><subfield code="b">000020283372</subfield></datafield><datafield ind1=" " ind2=" " tag="032"><subfield code="a">117740</subfield><subfield code="b">USPS</subfield></datafield><datafield ind1=" " ind2=" " tag="042"><subfield code="a">nsdp</subfield><subfield code="a">msc</subfield></datafield><datafield ind1=" " ind2=" " tag="043"><subfield code="a">n-us-oh</subfield></datafield><datafield ind1=" " ind2="4" tag="222"><subfield code="a">The Cleveland Jewish news</subfield></datafield><datafield ind1="0" ind2="4" tag="245"><subfield code="a">The Cleveland Jewish news.</subfield></datafield><datafield ind1=" " ind2=" " tag="260"><subfield code="a">Cleveland, Ohio :</subfield><subfield code="b">Cleveland Jewish Publication Co.,</subfield><subfield code="c">1964-</subfield></datafield><datafield ind1=" " ind2=" " tag="300"><subfield code="a">v.</subfield></datafield><datafield ind1=" " ind2=" " tag="310"><subfield code="a">Weekly</subfield></datafield><datafield ind1="0" ind2=" " tag="362"><subfield code="a">Vol. 1, no. 1 (Oct. 30, 1964)-</subfield></datafield><datafield ind1=" " ind2=" " tag="525"><subfield code="a">Includes supplements.</subfield></datafield><datafield ind1=" " ind2=" " tag="530"><subfield code="a">Also available by subscription via the World Wide Web.</subfield></datafield><datafield ind1=" " ind2="0" tag="650"><subfield code="a">Jewish newspapers</subfield><subfield code="z">Ohio</subfield><subfield code="z">Cleveland.</subfield></datafield><datafield ind1=" " ind2="0" tag="651"><subfield code="a">Cleveland (Ohio)</subfield><subfield code="v">Newspapers.</subfield></datafield><datafield ind1=" " ind2="0" tag="651"><subfield code="a">Cuyahoga County (Ohio)</subfield><subfield code="v">Newspapers.</subfield></datafield><datafield ind1=" " ind2="7" tag="655"><subfield code="a">Newspapers.</subfield><subfield code="2">fast</subfield><subfield code="0">(OCoLC)fst01423814</subfield></datafield><datafield ind1=" " ind2="7" tag="650"><subfield code="a">Jewish newspapers.</subfield><subfield code="2">fast</subfield><subfield code="0">(OCoLC)fst00982872</subfield></datafield><datafield ind1=" " ind2="7" tag="651"><subfield code="a">Ohio</subfield><subfield code="z">Cleveland.</subfield><subfield code="2">fast</subfield><subfield code="0">(OCoLC)fst01205966</subfield></datafield><datafield ind1=" " ind2="7" tag="651"><subfield code="a">Ohio</subfield><subfield code="z">Cuyahoga County.</subfield><subfield code="2">fast</subfield><subfield code="0">(OCoLC)fst01202752</subfield></datafield><datafield ind1=" " ind2=" " tag="752"><subfield code="a">United States</subfield><subfield code="b">Ohio</subfield><subfield code="c">Cuyahoga</subfield><subfield code="d">Cleveland.</subfield></datafield><datafield ind1="0" ind2="4" tag="780"><subfield code="t">Jewish Independent</subfield><subfield code="w">(DLC)sn 83045254</subfield></datafield><datafield ind1="0" ind2="4" tag="780"><subfield code="t">Jewish review and observer</subfield><subfield code="w">(DLC)sn 83035469</subfield></datafield><datafield ind1=" " ind2=" " tag="850"><subfield code="a">NN</subfield></datafield><datafield ind1="4" ind2="1" tag="856"><subfield code="u">http://www.softlineweb.com/softlineweb/ethnic.htm</subfield></datafield></record>